@misc{soliditylangSolidityx2014,
	author = {},
	title = {{S}olidity documentation --- docs.soliditylang.org},
	howpublished = {\url{https://docs.soliditylang.org/en/latest/}},
	year = {},
	note = {[Accessed 14-07-2024]},
}



%%%% --------------------------------------------- progettazione

@misc{restfulapiRESTArchitectural,
	author = {Lokesh Gupta},
	title = {{R}{E}{S}{T} {A}rchitectural {C}onstraints --- restfulapi.net},
	howpublished = {\url{https://restfulapi.net/rest-architectural-constraints/}},
	year = {},
	note = {[Accessed 06-08-2024]},
}

@misc{ietf6749OAuth,
	author = {Dick Hardt},
	title = {{R}{F}{C} 6749: {T}he {O}{A}uth 2.0 {A}uthorization {F}ramework --- datatracker.ietf.org},
	howpublished = {\url{https://datatracker.ietf.org/doc/html/rfc6749}},
	year = {},
	note = {[Accessed 06-08-2024]},
}

@misc{nestjsDocumentationNestJS,
	author = {},
	title = {{D}ocumentation | {N}est{J}{S} - {A} progressive {N}ode.js framework --- docs.nestjs.com},
	howpublished = {\url{https://docs.nestjs.com/}},
	year = {},
	note = {[Accessed 06-08-2024]},
}
@misc{expressjsExpressFramework,
	author = {},
	title = {{E}xpress - {F}ramework per applicazioni web {N}ode.js --- expressjs.com},
	howpublished = {\url{https://expressjs.com/it/}},
	year = {},
	note = {[Accessed 06-08-2024]},
}

@misc{wikipediaInversioneControllo,
	author = {},
	title = {{I}nversione del controllo - {W}ikipedia --- it.wikipedia.org},
	howpublished = {\url{https://it.wikipedia.org/wiki/Inversione_del_controllo}},
	year = {},
	note = {[Accessed 06-08-2024]},
}

@misc{wikipediaSpringBoot,
	author = {},
	title = {{S}pring {B}oot - {W}ikipedia --- en.wikipedia.org},
	howpublished = {\url{ https://en.wikipedia.org/wiki/Spring_Boot}},
	year = {},
	note = {[Accessed 06-08-2024]},
}

@misc{nodedontblock,
	author = {},
	title = {{N}ode.js — {D}on't {B}lock the {E}vent {L}oop (or the {W}orker {P}ool) --- nodejs.org},
	howpublished = {\url{https://nodejs.org/en/learn/asynchronous-work/dont-block-the-event-loop}},
	year = {},
	note = {[Accessed 06-08-2024]},
}

@misc{stateofjsStateJavaScript,
	author = {},
	title = {{S}tate of {J}ava{S}cript 2023: {F}ront-end {F}rameworks --- 2023.stateofjs.com},
	howpublished = {\url{https://2023.stateofjs.com/en-US/libraries/front-end-frameworks/}},
	year = {},
	note = {[Accessed 06-08-2024]},
}

@misc{vuejsVuejs,
	author = {},
	title = {{V}ue.js --- vuejs.org},
	howpublished = {\url{https://vuejs.org/guide/introduction.html}},
	year = {},
	note = {[Accessed 06-08-2024]},
}

@misc{wikipediaReactweb,
	author = {},
	title = {{R}eact (web framework) - {W}ikipedia --- it.wikipedia.org},
	howpublished = {\url{https://it.wikipedia.org/wiki/React_(web_framework)}},
	year = {},
	note = {[Accessed 06-08-2024]},
}
@misc{angularAngular,
	author = {},
	title = {{A}ngular --- angular.dev},
	howpublished = {\url{https://angular.dev/overview}},
	year = {},
	note = {[Accessed 06-08-2024]},
}

@misc{hardhatGettingStarted,
	author = {},
	title = {{G}etting started with {H}ardhat | {E}thereum development environment for professionals by {N}omic {F}oundation --- hardhat.org},
	howpublished = {\url{https://hardhat.org/hardhat-runner/docs/getting-started}},
	year = {},
	note = {[Accessed 06-08-2024]},
}

@misc{jbossHibernateUser,
	author = {},
	title = {{H}ibernate {O}{R}{M} {U}ser {G}uide --- docs.jboss.org},
	howpublished = {\url{https://docs.jboss.org/hibernate/stable/orm/userguide/html_single/Hibernate_User_Guide.html}},
	year = {},
	note = {[Accessed 06-08-2024]},
}

@misc{web3jQuickstartWeb3j,
	author = {Web3 Labs},
	title = {{Q}uickstart - {W}eb3j --- docs.web3j.io},
	howpublished = {\url{https://docs.web3j.io/4.8.7/quickstart/}},
	year = {},
	note = {[Accessed 06-08-2024]},
}

@misc{jbossHibernateUserArch,
	author = {},
	title = {{H}ibernate {O}{R}{M} {U}ser {G}uide --- docs.jboss.org},
	howpublished = {\url{https://docs.jboss.org/hibernate/stable/orm/userguide/html_single/Hibernate_User_Guide.html}},
	year = {},
	note = {[Accessed 06-08-2024]},
}


@misc{portswiggerOAuthGrant,
	author = {},
	title = {{O}{A}uth grant types | {W}eb {S}ecurity {A}cademy --- portswigger.net},
	howpublished = {\url{https://portswigger.net/web-security/oauth/grant-types}},
	year = {},
	note = {[Accessed 07-08-2024]},
}

@misc{dockerWhatContainer,
	author = {},
	title = {{W}hat is a container? --- docs.docker.com},
	howpublished = {\url{https://docs.docker.com/guides/docker-concepts/the-basics/what-is-a-container}},
	year = {},
	note = {[Accessed 07-08-2024]},
}

@misc{keycloakDockerKeycloak,
	author = {Keycloak Team},
	title = {{D}ocker - {K}eycloak --- keycloak.org},
	howpublished = {\url{https://www.keycloak.org/getting-started/getting-started-docker}},
	year = {},
	note = {[Accessed 07-08-2024]},
}

@misc{mariadbUUIDData,
	author = {},
	title = {{U}{U}{I}{D} {D}ata {T}ype --- mariadb.com},
	howpublished = {\url{https://mariadb.com/kb/en/uuid-data-type/}},
	year = {},
	note = {[Accessed 07-08-2024]},
}

@misc{baeldungWorkingWith,
	author = {},
	title = {{W}orking with {V}irtual {T}hreads in {S}pring 6 | {B}aeldung --- baeldung.com},
	howpublished = {\url{https://www.baeldung.com/spring-6-virtual-threads}},
	year = {},
	note = {[Accessed 07-08-2024]},
}

@misc{oraclevirtualthread,
	author = {},
	title = {{C}ore {L}ibraries --- VirtualThread --- docs.oracle.com},
	howpublished = {\url{https://docs.oracle.com/en/java/javase/21/core/virtual-threads.html}},
	year = {},
	note = {[Accessed 07-08-2024]},
}

@article{CALIMERI_2019,
   title={ASP-Core-2 Input Language Format},
   volume={20},
   ISSN={1475-3081},
   url={http://dx.doi.org/10.1017/S1471068419000450},
   DOI={10.1017/s1471068419000450},
   number={2},
   journal={Theory and Practice of Logic Programming},
   publisher={Cambridge University Press (CUP)},
   author={CALIMERI, FRANCESCO and FABER, WOLFGANG and GEBSER, MARTIN and IANNI, GIOVAMBATTISTA and KAMINSKI, ROLAND and KRENNWALLNER, THOMAS and LEONE, NICOLA and MARATEA, MARCO and RICCA, FRANCESCO and SCHAUB, TORSTEN},
   year={2019},
   month=dec, pages={294–309} }





@misc{openzeppelinProxiesOpenZeppelin,
	author = {},
	title = {{P}roxies - {O}pen{Z}eppelin {D}ocs --- docs.openzeppelin.com},
	howpublished = {\url{https://docs.openzeppelin.com/contracts/4.x/api/proxy}},
	year = {},
	note = {[Accessed 08-08-2024]},
}
